% ------------------------------------------------------------------------
% BIBLIOGRAFIA
% ------------------------------------------------------------------------

@BOOK{legierski,
  AUTHOR =       {Tadeusz Legierski AND Janusz Wyrwał AND Jerzy Kasprzyk AND Janusz Hajda},
  TITLE =        {Programowanie Sterowników PLC},
  PUBLISHER =    {Wydawnictwo Pracowni Komputerowej Jacka Skalmierskiego},
  LOCATION = 	 {Gliwice},
  YEAR =         {1998},
}

@online{www1,
  TITLE =        {Strona internetowa firmy SELS},
  URL =    		 {http://www.sels.com.pl/index.php?cPath=1},
  URLDATE =		 {2012-10-29}
}

@online{www2,
	TITLE =        {Strona internetowa TexLive},
	URL =    		 {https://www.tug.org/texlive/acquire-netinstall.html},
	URLDATE =		 {2022-10-08}
}

@online{llistwiki,
	TITLE =        {Strona Wikipedii o Liście powiązanej},
	URL =    		 {https://pl.wikipedia.org/wiki/Lista},
}

@online {gitsite,
	title = {Strona Gita},
	URL = {https://git-scm.com/}
}

@online {doxygensite,
	title = {Strona Doxygena},
	URL = {https://www.doxygen.nl/}
}
